@ARTICLE{PER03,
       author = {{Perrin}, G.},
        title = "{The calibration of interferometric visibilities obtained  with single-mode optical interferometers. Computation of error bars and correlations}",
      journal = {A\&A},
     keywords = {techniques: interferometric, methods: data reduction, Astrophysics},
         year = "2003",
        month = "Mar",
       volume = {400},
        pages = {1173-1181},
archivePrefix = {arXiv},
       eprint = {astro-ph/0301140},
 primaryClass = {astro-ph},
}
@TECHREPORT{PEE87,
    author = {{Peelle}, R. W.},
    title = {Peelle’s Pertinent Puzzle},
    year = {1987},
    month = {October},
    type = {Informal Memorandum},
    institution = {Oak Ridge National Laboratory}
}
@article{NEU12,
    author = {{Neudecker}, Denise and {Fr{\"u}hwirth}, Rudolf and {Leeb}, Helmut},
    title = {Peelle’s Pertinent Puzzle: A Fake Due to Improper Analysis},
    journal = {Nuclear Science and Engineering},
    volume = {170},
    number = {1},
    pages = {54-60},
    year  = {2012},
    publisher = {Taylor \& Francis},
}
@ARTICLE{NEU13,
       author = {{Neudecker}, D. and {Capote}, R. and {Leeb}, H.},
        title = "{Impact of model defect and experimental uncertainties on evaluated output}",
      journal = {Nuclear Instruments and Methods in Physics Research A},
         year = "2013",
        month = "Sep",
       volume = {723},
        pages = {163-172},
}
@ARTICLE{NEU14,
       author = {{Neudecker}, D. and {Fr{\"u}hwirth}, R. and {Kawano}, T. and {Leeb}, H.},
        title = "{Adequate Treatment of Correlated Experimental Data in Nuclear Data Evaluations Avoiding Peelle's Pertinent Puzzle}",
      journal = {Nuclear Data Sheets},
         year = "2014",
        month = "Apr",
       volume = {118},
        pages = {364-366},
}
@ARTICLE{DAG94,
       author = {{D'Agostini}, G.},
        title = "{On the use of the covariance matrix to fit correlated data}",
      journal = {Nuclear Instruments and Methods in Physics Research A},
         year = "1994",
        month = "Jul",
       volume = {346},
       number = {1-2},
        pages = {306-311},
}
@Article{BUR11,
  author =       "{Burr}, Tom and {Kawano}, Toshihiko and {Talou}, Patrick and {Pan}, Feng and {Hengartner}, Nicolas",
  title =        "Defense of the Least Squares Solution to {Peelle}'s Pertinent Puzzle",
  journal =      {Algorithms},
  volume =       "4",
  number =       "1",
  pages =        "28--39",
  month =        mar,
  year =         "2011",
  ISSN =         "1999-4893",
}
@ARTICLE{NIS14,
       author = {{Nisius}, Richard},
        title = "{On the combination of correlated estimates of a physics observable}",
      journal = {European Physical Journal C},
     keywords = {Physics - Data Analysis, Statistics and Probability, High Energy Physics - Phenomenology},
         year = "2014",
        month = "Aug",
       volume = {74},
          eid = {3004},
        pages = {3004},
archivePrefix = {arXiv},
       eprint = {1402.4016},
 primaryClass = {physics.data-an},
}
@ARTICLE{BEC12,
       author = {{Becker}, B. and {Bastian}, C. and {Emiliani}, F. and {Gunsing}, F. and {Heyse}, J. and {Kauwenberghs}, K. and {Kopecky}, S. and {Lampoudis}, C. and {Massimi}, C. and {Otuka}, N. and {Schillebeeckx}, P. and {Sirakov}, I.},
        title = "{Data reduction and uncertainty propagation of time-of-flight spectra with AGS}",
      journal = {Journal of Instrumentation},
         year = 2012,
        month = nov,
       volume = {7},
       number = {11},
        pages = {P11002},
          doi = {10.1088/1748-0221/7/11/P11002},
}
@ARTICLE{Kammerer20,
       author = {{Kammerer}, J. and {M{\'e}rand}, A. and {Ireland}, M.~J. and {Lacour}, S.},
        title = "{Increasing the achievable contrast of infrared interferometry with an error correlation model}",
      journal = {\aap},
     keywords = {techniques: interferometric, methods: statistical, planets and satellites: detection, Astrophysics - Instrumentation and Methods for Astrophysics, Astrophysics - Earth and Planetary Astrophysics},
         year = 2020,
        month = dec,
       volume = {644},
          eid = {A110},
        pages = {A110},
          doi = {10.1051/0004-6361/202038563},
archivePrefix = {arXiv},
       eprint = {2011.01209},
 primaryClass = {astro-ph.IM},
}
@ARTICLE{TAT07,
       author = {{Tatulli}, E. and {Millour}, F. and {Chelli}, A. and {Duvert}, G. and {Acke}, B. and {Hernandez Utrera}, O. and {Hofmann}, K. -H. and {Kraus}, S. and {Malbet}, F. and {M{\`e}ge}, P. and {Petrov}, R.~G. and {Vannier}, M. and {Zins}, G. and {Antonelli}, P. and {Beckmann}, U. and {Bresson}, Y. and {Dugu{\'e}}, M. and {Gennari}, S. and {Gl{\"u}ck}, L. and {Kern}, P. and {Lagarde}, S. and {Le Coarer}, E. and {Lisi}, F. and {Perraut}, K. and {Puget}, P. and {Rantakyr{\"o}}, F. and {Robbe-Dubois}, S. and {Roussel}, A. and {Weigelt}, G. and {Accardo}, M. and {Agabi}, K. and {Altariba}, E. and {Arezki}, B. and {Aristidi}, E. and {Baffa}, C. and {Behrend}, J. and {Bl{\"o}cker}, T. and {Bonhomme}, S. and {Busoni}, S. and {Cassaing}, F. and {Clausse}, J. -M. and {Colin}, J. and {Connot}, C. and {Delboulb{\'e}}, A. and {Domiciano de Souza}, A. and {Driebe}, T. and {Feautrier}, P. and {Ferruzzi}, D. and {Forveille}, T. and {Fossat}, E. and {Foy}, R. and {Fraix-Burnet}, D. and {Gallardo}, A. and {Giani}, E. and {Gil}, C. and {Glentzlin}, A. and {Heiden}, M. and {Heininger}, M. and {Kamm}, D. and {Kiekebusch}, M. and {Le Contel}, D. and {Le Contel}, J. -M. and {Lesourd}, T. and {Lopez}, B. and {Lopez}, M. and {Magnard}, Y. and {Marconi}, A. and {Mars}, G. and {Martinot-Lagarde}, G. and {Mathias}, P. and {Monin}, J. -L. and {Mouillet}, D. and {Mourard}, D. and {Nussbaum}, E. and {Ohnaka}, K. and {Pacheco}, J. and {Perrier}, C. and {Rabbia}, Y. and {Rebattu}, S. and {Reynaud}, F. and {Richichi}, A. and {Robini}, A. and {Sacchettini}, M. and {Schertl}, D. and {Sch{\"o}ller}, M. and {Solscheid}, W. and {Spang}, A. and {Stee}, P. and {Stefanini}, P. and {Tallon}, M. and {Tallon-Bosc}, I. and {Tasso}, D. and {Testi}, L. and {Vakili}, F. and {von der L{\"u}he}, O. and {Valtier}, J. -C. and {Ventura}, N.},
        title = "{Interferometric data reduction with AMBER/VLTI. Principle, estimators, and illustration}",
      journal = {\aap},
     keywords = {technique: interferometric, methods: data analysis, instrumentation: interferometers, Astrophysics},
         year = 2007,
        month = mar,
       volume = {464},
       number = {1},
        pages = {29-42},
          doi = {10.1051/0004-6361:20064799},
archivePrefix = {arXiv},
       eprint = {astro-ph/0603046},
 primaryClass = {astro-ph},
}
@ARTICLE{GRAVITY,
   author = {{Eisenhauer}, F. and {Perrin}, G. and {Brandner}, W. and {Straubmeier}, C. and  {Perraut}, K. and {Amorim}, A. and {Sch{\"o}ller}, M. and {Gillessen}, S. and  {Kervella}, P. and {Benisty}, M. and {Araujo-Hauck}, C. and  {Jocou}, L. and {Lima}, J. and {Jakob}, G. and {Haug}, M. and  {Cl{\'e}net}, Y. and {Henning}, T. and {Eckart}, A. and {Berger}, J.-P. and  {Garcia}, P. and {Abuter}, R. and {Kellner}, S. and {Paumard}, T. and  {Hippler}, S. and {Fischer}, S. and {Moulin}, T. and {Villate}, J. and  {Avila}, G. and {Gr{\"a}ter}, A. and {Lacour}, S. and {Huber}, A. and  {Wiest}, M. and {Nolot}, A. and {Carvas}, P. and {Dorn}, R. and  {Pfuhl}, O. and {Gendron}, E. and {Kendrew}, S. and {Yazici}, S. and  {Anton}, S. and {Jung}, Y. and {Thiel}, M. and {Choquet}, {\'E}. and  {Klein}, R. and {Teixeira}, P. and {Gitton}, P. and {Moch}, D. and  {Vincent}, F. and {Kudryavtseva}, N. and {Str{\"o}bele}, S. and  {Sturm}, S. and {F{\'e}dou}, P. and {Lenzen}, R. and {Jolley}, P. and  {Kister}, C. and {Lapeyr{\`e}re}, V. and {Naranjo}, V. and {Lucuix}, C. and  {Hofmann}, R. and {Chapron}, F. and {Neumann}, U. and {Mehrgan}, L. and  {Hans}, O. and {Rousset}, G. and {Ramos}, J. and {Suarez}, M. and  {Lederer}, R. and {Reess}, J.-M. and {Rohloff}, R.-R. and {Haguenauer}, P. and  {Bartko}, H. and {Sevin}, A. and {Wagner}, K. and {Lizon}, J.-L. and  {Rabien}, S. and {Collin}, C. and {Finger}, G. and {Davies}, R. and  {Rouan}, D. and {Wittkowski}, M. and {Dodds-Eden}, K. and {Ziegler}, D. and  {Cassaing}, F. and {Bonnet}, H. and {Casali}, M. and {Genzel}, R. and  {Lena}, P.},
    title = "{GRAVITY: Observing the Universe in Motion}",
  journal = {The Messenger},
     year = 2011,
    month = mar,
   volume = 143,
    pages = {16-24},
}
@ARTICLE{PIONIER,
   author = {{Le Bouquin}, J.-B. and {Berger}, J.-P. and {Lazareff}, B. and {Zins}, G. and {Haguenauer}, P. and {Jocou}, L. and {Kern}, P. and {Millan-Gabet}, R. and {Traub}, W. and {Absil}, O. and {Augereau}, J.-C. and {Benisty}, M. and {Blind}, N. and {Bonfils}, X. and {Bourget}, P. and  {Delboulbe}, A. and {Feautrier}, P. and {Germain}, M. and {Gitton}, P. and  {Gillier}, D. and {Kiekebusch}, M. and {Kluska}, J. and {Knudstrup}, J. and  {Labeye}, P. and {Lizon}, J.-L. and {Monin}, J.-L. and {Magnard}, Y. and  {Malbet}, F. and {Maurel}, D. and {M{\'e}nard}, F. and {Micallef}, M. and  {Michaud}, L. and {Montagnier}, G. and {Morel}, S. and {Moulin}, T. and  {Perraut}, K. and {Popovic}, D. and {Rabou}, P. and {Rochat}, S. and {Rojas}, C. and {Roussel}, F. and {Roux}, A. and {Stadler}, E. and {Stefl}, S. and {Tatulli}, E. and {Ventura}, N.},
    title = "{PIONIER: a 4-telescope visitor instrument at VLTI}",
  journal = {\aap},
archivePrefix = "arXiv",
   eprint = {1109.1918},
 primaryClass = "astro-ph.IM",
 keywords = {instrumentation: interferometers, techniques: interferometric, techniques: high angular resolution, instrumentation: high angular resolution},
     year = 2011,
    month = nov,
   volume = 535,
      eid = {A67},
    pages = {A67},
      doi = {10.1051/0004-6361/201117586},
}
@ARTICLE{LAC19,
       author = {{Lachaume}, R{\'e}gis and {Rabus}, Markus and {Jord{\'a}n}, Andr{\'e}s and {Brahm}, Rafael and {Boyajian}, Tabetha and {von Braun}, Kaspar and {Berger}, Jean-Philippe},
        title = "{Towards reliable uncertainties in IR interferometry: the bootstrap for correlated statistical and systematic errors}",
      journal = {\mnras},
     keywords = {methods: data analysis, techniques: interferometric, stars: fundamental parameters, Astrophysics - Instrumentation and Methods for Astrophysics},
         year = 2019,
        month = apr,
       volume = {484},
       number = {2},
        pages = {2656-2673},
          doi = {10.1093/mnras/stz114},
archivePrefix = {arXiv},
       eprint = {1901.02879},
 primaryClass = {astro-ph.IM},
}
@ARTICLE{PER04,
   author = {{Perrin}, G. and {Ridgway}, S.~T. and {Coud{\'e} du Foresto}, V. and  {Mennesson}, B. and {Traub}, W.~A. and {Lacasse}, M.~G.},
    title = "{Interferometric observations of the supergiant stars {$\alpha$} Orionis and {$\alpha$} Herculis with FLUOR at IOTA}",
  journal = {\aap},
   eprint = {astro-ph/0402099},
 keywords = {stars: supergiants, infrared: stars, techniques: interferometric},
     year = 2004,
    month = may,
   volume = 418,
    pages = {675-685},
      doi = {10.1051/0004-6361:20040052},
}
@ARTICLE{BER06,
   author = {{Berger}, D.~H. and {Gies}, D.~R. and {McAlister}, H.~A. and     {ten Brummelaar}, T.~A. and {Henry}, T.~J. and {Sturmann}, J. and     {Sturmann}, L. and {Turner}, N.~H. and {Ridgway}, S.~T. and     {Aufdenberg}, J.~P. and {M{\'e}rand}, A.},    title = "{First Results from the CHARA Array. IV. The Interferometric Radii of Low-Mass Stars}",
  journal = {\apj},
   eprint = {astro-ph/0602105},
 keywords = {Infrared: Stars, Instrumentation: High Angular Resolution, Instrumentation: Interferometers, stars: individual (GJ 15A), stars: individual (GJ 514), stars: individual (GJ 526), stars: individual (GJ 687), stars: individual (GJ 752A), stars: individual (GJ 880), Stars: Late-Type},
     year = 2006,
    month = jun,
   volume = 644,
    pages = {475-483},
      doi = {10.1086/503318},
}
@ARTICLE{ABS06,
   author = {{Absil}, O. and {di Folco}, E. and {M{\'e}rand}, A. and {Augereau}, J.-C. and     {Coud{\'e} du Foresto}, V. and {Aufdenberg}, J.~P. and {Kervella}, P. and     {Ridgway}, S.~T. and {Berger}, D.~H. and {ten Brummelaar}, T.~A. and     {Sturmann}, J. and {Sturmann}, L. and {Turner}, N.~H. and {McAlister}, H.~A.    },    title = "{Circumstellar material in the Vega inner system revealed by CHARA/FLUOR}",
  journal = {\aap},
   eprint = {astro-ph/0604260},
 keywords = {stars: individual: Vega, circumstellar matter, techniques: interferometric},
     year = 2006,
    month = jun,
   volume = 452,
    pages = {237-244},
      doi = {10.1051/0004-6361:20054522},
}
@INPROCEEDINGS{THI08,
   author = {{Thi{\'e}baut}, E.},
    title = "{MIRA: an effective imaging algorithm for optical interferometry}",
booktitle = {Optical and Infrared Interferometry},
     year = 2008,
   series = {\procspie},
   volume = 7013,
    month = jul,
      eid = {70131I},
    pages = {70131I},
      doi = {10.1117/12.788822},
   adsurl = {http://adsabs.harvard.edu/abs/2008SPIE.7013E..1IT},
  adsnote = {Provided by the SAO/NASA Astrophysics Data System}
}
@INPROCEEDINGS{TAL08,
   author = {{Tallon-Bosc}, I. and {Tallon}, M. and {Thi{\'e}baut}, E. and  {B{\'e}chet}, C. and {Mella}, G. and {Lafrasse}, S. and {Chesneau}, O. and     {Domiciano de Souza}, A. and {Duvert}, G. and {Mourard}, D. and     {Petrov}, R. and {Vannier}, M.},
    title = "{LITpro: a model fitting software for optical interferometry}",
booktitle = {Optical and Infrared Interferometry},
     year = 2008,
   series = {\procspie},
   volume = 7013,
    month = jul,
      eid = {70131J},
    pages = {70131J},
      doi = {10.1117/12.788871},
   adsurl = {http://adsabs.harvard.edu/abs/2008SPIE.7013E..1JT},
  adsnote = {Provided by the SAO/NASA Astrophysics Data System}
}
@ARTICLE{OIFITS1,
   author = {{Pauls}, T.~A. and {Young}, J.~S. and {Cotton}, W.~D. and {Monnier}, J.~D.},
    title = "{A Data Exchange Standard for Optical (Visible/IR) Interferometry}",
  journal = {\pasp},
   eprint = {astro-ph/0508185},
 keywords = {Methods: Data Analysis, Techniques: Interferometric, Instrumentation: Interferometers, Techniques: Image Processing},
     year = 2005,
    month = nov,
   volume = 117,
    pages = {1255-1262},
      doi = {10.1086/444523},
   adsurl = {http://adsabs.harvard.edu/abs/2005PASP..117.1255P},
  adsnote = {Provided by the SAO/NASA Astrophysics Data System}
}
@MANUAL{GRAVITYpipe,
  institution = {European Southern Observatory},
  author = {{ESO GRAVITY pipeline team}},
  title = {GRAVITY pipeline user manual Issue 1.4},
  year  = {2020}
}
@MANUAL{MATISSEpipe,
  institution = {European Southern Observatory},
  author = {{ESO MATISSE pipeline team}},
  title = {MATISSE pipeline user manual Issue 1.5.1},
  year  = {2020}
}

@INPROCEEDINGS{AMBER,
   author = {{Millour}, F. and {Valat}, B. and {Petrov}, R.~G. and {Vannier}, M.},
    title = "{``Advanced'' data reduction for the AMBER instrument}",
booktitle = {Optical and Infrared Interferometry},
     year = 2008,
   series = {\procspie},
   volume = 7013,
archivePrefix = "arXiv",
   eprint = {0807.0291},
    month = jul,
      eid = {701349},
    pages = {701349},
      doi = {10.1117/12.788707},
}
@INPROCEEDINGS{MIDI,
   author = {{Hummel}, C.~A. and {Percheron}, I.},
    title = "{Pipeline reductions of VLTI/MIDI data and quality control}",
booktitle = {Society of Photo-Optical Instrumentation Engineers (SPIE) Conference Series},
     year = 2006,
   series = {\procspie},
   volume = 6268,
    month = jun,
      eid = {62683X},
    pages = {62683X},
      doi = {10.1117/12.671337},
}
@PROCEEDINGS{LAW00,
    title = "{Principles of Long Baseline Stellar Interferometry}",
booktitle = {Principles of Long Baseline Stellar Interferometry},
     year = 2000,
   editor = {{Lawson}, P.~R.},
}
@ARTICLE{MON07,
   author = {{Monnier}, J.~D.},
    title = "{Phases in interferometry}",
  journal = "{New Astronomy Reviews}",
     year = 2007,
    month = oct,
   volume = 51,
    pages = {604-616},
      doi = {10.1016/j.newar.2007.06.006},
}
@ARTICLE{KAM20, 
       author = {{Kammerer}, J. and {M{\'e}rand}, A. and {Ireland}, M.~J. and {Lacour}, S.},
        title = "{Increasing the achievable contrast of infrared interferometry with an error correlation model}",
      journal = {\aap},
     keywords = {techniques: interferometric, methods: statistical, planets and satellites: detection, Astrophysics - Instrumentation and Methods for Astrophysics, Astrophysics - Earth and Planetary Astrophysics},
         year = 2020,
        month = dec,
       volume = {644},
          eid = {A110},
        pages = {A110},
          doi = {10.1051/0004-6361/202038563},
archivePrefix = {arXiv},
       eprint = {2011.01209},
 primaryClass = {astro-ph.IM},
}
@ARTICLE{LAC03,
       author = {{Lachaume}, R.},
        title = "{On marginally resolved objects in optical interferometry}",
      journal = {\aap},
     keywords = {methods: data analysis, techniques: interferometric, Astrophysics},
         year = 2003,
        month = mar,
       volume = {400},
        pages = {795-803},
          doi = {10.1051/0004-6361:20030072},
archivePrefix = {arXiv},
       eprint = {astro-ph/0304259},
 primaryClass = {astro-ph},
}
@article{MAY03,
author = {Mayer,P. M.  and Rana,F.  and Ram,R. J. },
title = {Photon noise correlations in electrically coupled semiconductor lasers},
journal = {Applied Physics Letters},
volume = {82},
number = {5},
pages = {689-691},
year = {2003},
doi = {10.1063/1.1539548},
URL = {  https://doi.org/10.1063/1.1539548 },
eprint = { https://doi.org/10.1063/1.1539548}
}
